@article{holmes200286,
  title={86.70 The Use of Hyperbolic Cosines in Solving Cubic Polynomials},
  author={Holmes, GC},
  journal={The Mathematical Gazette},
  volume={86},
  number={507},
  pages={473--477},
  year={2002},
  publisher={JSTOR}
}

@book{zwillinger2011crc,
  title={CRC standard mathematical tables and formulae},
  author={Zwillinger, Daniel},
  year={2011},
  publisher={CRC press}
}

@article{hindmarsh1984model,
  title={A model of neuronal bursting using three coupled first order differential equations},
  author={Hindmarsh, James L and Rose, RM},
  journal={Proceedings of the Royal Society of London B: Biological Sciences},
  volume={221},
  number={1222},
  pages={87--102},
  year={1984},
  publisher={The Royal Society}
}
